<?xml version="1.0" encoding="utf-8"?>
<record xmlns="http://www.loc.gov/MARC21/slim" xmlns:xsi="http://www.w3.org/2001/XMLSchema-instance" xsi:schemaLocation="http://www.loc.gov/MARC21/slim http://www.loc.gov/standards/marcxml/schema/MARC21slim.xsd">
	<leader>     nam a22        4500</leader>
	<controlfield tag="001">3068301</controlfield>
	<controlfield tag="003">NNC</controlfield>
	<controlfield tag="006">m        d        </controlfield>
	<controlfield tag="007">cr cn |||m|||a</controlfield>
	<controlfield tag="008">150505s1910    ua      o     000 0 ara d</controlfield>
	<datafield ind1=" " ind2=" " tag="040">
		<subfield code="a">NNU</subfield>
		<subfield code="b">eng</subfield>
		<subfield code="c">NNU</subfield>
	</datafield>
	<datafield ind1="1" ind2=" " tag="100">
		<subfield code="6">880-01</subfield>
		<subfield code="a">Qadrī, Muḥammad,</subfield>
		<subfield code="d">-1889.</subfield>
	</datafield>
	<datafield ind1="1" ind2="0" tag="245">
		<subfield code="6">880-02</subfield>
		<subfield code="a">Kitāb murshid al-ḥayrān ilá maʻrifat aḥwāl al-insān, fī al-muʻāmalāt al-sharʻīyah ʻalá madhhab al-imām Abī Ḥanīfah al-Nuʻmān, mulāʼiman li-ʻurf al-diyār al-Miṣrīyah wa-sāʼir al-ʼumam al-Islāmīyah</subfield>
		<subfield code="h">[electronic resource] /</subfield>
		<subfield code="c">li-muʼallifihi Muḥammad Qadrī Bāshā.</subfield>
	</datafield>
	<datafield ind1=" " ind2=" " tag="260">
		<subfield code="6">880-03</subfield>
		<subfield code="a">Miṣr,</subfield>
		<subfield code="b">al-Maktabah al-Miṣrīyah al-ʻAshmāwī,</subfield>
		<subfield code="c">1338 h. [1910 m.]</subfield>
	</datafield>
	<datafield ind1=" " ind2=" " tag="300">
		<subfield code="a">online resource (210 p.)</subfield>
	</datafield>
	<datafield ind1=" " ind2=" " tag="500">
		<subfield code="a">Part of the Arabic Collections Online (ACO) project, contributed by Columbia University Libraries.</subfield>
	</datafield>
	<datafield ind1=" " ind2=" " tag="533">
		<subfield code="a">Electronic reproduction.</subfield>
		<subfield code="b">New York, N.Y. :</subfield>
		<subfield code="c">New York University,</subfield>
		<subfield code="d">2015.</subfield>
		<subfield code="5">NNU</subfield>
	</datafield>
	<datafield ind1="2" ind2=" " tag="710">
		<subfield code="a">Columbia University.</subfield>
		<subfield code="b">Libraries.</subfield>
	</datafield>
	<datafield ind1="0" ind2=" " tag="730">
		<subfield code="a">Arabic Collections Online.</subfield>
	</datafield>
	<datafield ind1="0" ind2="8" tag="776">
		<subfield code="i">Print version:</subfield>
		<subfield code="a">Qadrī, Muḥammad, -1889.</subfield>
		<subfield code="t">Kitāb murshid al-ḥayrān ilá maʻrifat aḥwāl al-insān, fī al-muʻāmalāt al-sharʻīyah ʻalá madhhab al-imām Abī Ḥanīfah al-Nuʻmān, mulāʼiman li-ʻurf al-diyār al-Miṣrīyah wa-sāʼir al-ʼumam al-Islāmīyah</subfield>
		<subfield code="w">(NNC)3068301</subfield>
		<subfield code="w">(OCoLC)47807195</subfield>
	</datafield>
	<datafield ind1="4" ind2="0" tag="856">
		<subfield code="u">http://hdl.handle.net/2333.1/vdncjvtw</subfield>
	</datafield>
	<datafield ind1="1" ind2=" " tag="880">
		<subfield code="6">100-01/r</subfield>
		<subfield code="a">قدري، محمد،</subfield>
		<subfield code="d">-1889.</subfield>
	</datafield>
	<datafield ind1="1" ind2="0" tag="880">
		<subfield code="6">245-02/r</subfield>
		<subfield code="a">كتاب مرشد الحيران الى معرفة احوال الانسان، في المعاملات الشرعية على مذهب الامام ابي حنيفة النعمان، ملائماً لعرف الديار المصرية وسائر الأمم الاسلامية ،</subfield>
		<subfield code="c">لمؤلفه محمد قدري باشا.</subfield>
	</datafield>
	<datafield ind1=" " ind2=" " tag="880">
		<subfield code="6">260-03/r</subfield>
		<subfield code="a">مصر،</subfield>
		<subfield code="b">المكتبة المصرية العشماوي، 1338 h. [1910 m.]</subfield>
	</datafield>
	<datafield ind1=" " ind2=" " tag="959">
		<subfield code="a">NNU</subfield>
		<subfield code="b">WEB</subfield>
		<subfield code="c">GENI</subfield>
		<subfield code="t">0</subfield>
		<subfield code="m">Electronic access</subfield>
		<subfield code="s">01</subfield>
	</datafield>
	<datafield ind1=" " ind2=" " tag="999">
		<subfield code="i">NNC_3068301</subfield>
		<subfield code="o">(OCoLC)47807195</subfield>
		<subfield code="s">columbia_aco000116</subfield>
	</datafield>
</record>
